<record><leader>03324cam a2200445 i 4500</leader><controlfield tag="001">6775570</controlfield><controlfield tag="003">OCoLC</controlfield><controlfield tag="005">20141124122735.0</controlfield><controlfield tag="008">140718t20152015fluaf    b    001 0 eng  </controlfield><datafield ind1=" " ind2=" " tag="010"><subfield code="a">  2014027971</subfield></datafield><datafield ind1=" " ind2=" " tag="020"><subfield code="a">9781466570573 (hardback)</subfield></datafield><datafield ind1=" " ind2=" " tag="020"><subfield code="a">1466570571 (hardback)</subfield></datafield><datafield ind1=" " ind2=" " tag="035"><subfield code="a">ocn796750072</subfield></datafield><datafield ind1=" " ind2=" " tag="040"><subfield code="a">DLC</subfield><subfield code="b">eng</subfield><subfield code="e">rda</subfield><subfield code="c">DLC</subfield><subfield code="d">BTCTA</subfield><subfield code="d">AEU</subfield></datafield><datafield ind1=" " ind2=" " tag="042"><subfield code="a">pcc</subfield></datafield><datafield ind1="0" ind2="0" tag="050"><subfield code="a">QP360.5</subfield><subfield code="b">.F65 2015</subfield></datafield><datafield ind1="0" ind2="0" tag="082"><subfield code="a">612.8/233</subfield><subfield code="2">23</subfield></datafield><datafield ind1=" " ind2=" " tag="084"><subfield code="a">MED057000</subfield><subfield code="a">TEC017000</subfield><subfield code="2">bisacsh</subfield></datafield><datafield ind1=" " ind2=" " tag="090"><subfield code="a">QP360.5 .F65 2015</subfield><subfield code="b">AEGMCT</subfield></datafield><datafield ind1="1" ind2=" " tag="100"><subfield code="a">Forsythe, Chris,</subfield><subfield code="e">author.</subfield></datafield><datafield ind1="1" ind2="0" tag="245"><subfield code="a">Cognitive neuroscience of human systems :</subfield><subfield code="b">work and everyday life /</subfield><subfield code="c">Chris Forsythe, Huafei Liao, Michael Trumbo, Rogelio E. Cardona-Rivera.</subfield></datafield><datafield ind1=" " ind2="1" tag="264"><subfield code="a">Boca Raton, FL :</subfield><subfield code="b">CRC Press, Taylor &amp; Francis Group,</subfield><subfield code="c">2015.</subfield></datafield><datafield ind1=" " ind2="4" tag="264"><subfield code="c">&#169;2015</subfield></datafield><datafield ind1=" " ind2=" " tag="300"><subfield code="a">xi, 306 pages, 8 unnumbered pages of plates :</subfield><subfield code="b">illustrations (some color) ;</subfield><subfield code="c">24 cm.</subfield></datafield><datafield ind1=" " ind2=" " tag="336"><subfield code="a">text</subfield><subfield code="2">rdacontent</subfield></datafield><datafield ind1=" " ind2=" " tag="337"><subfield code="a">unmediated</subfield><subfield code="2">rdamedia</subfield></datafield><datafield ind1=" " ind2=" " tag="338"><subfield code="a">volume</subfield><subfield code="2">rdacarrier</subfield></datafield><datafield ind1="1" ind2=" " tag="490"><subfield code="a">Human factors and ergonomics series</subfield></datafield><datafield ind1=" " ind2=" " tag="504"><subfield code="a">Includes bibliographical references and index.</subfield></datafield><datafield ind1=" " ind2=" " tag="520"><subfield code="a">"What do most people know about their brains? Do they know as much as they know about their favorite sports teams or their favorite celebrities? Can they describe the operations of their brains with the precision that they list the ingredients and steps in a favorite recipe or explain the nuances of playing a popular electronic game? Do they track their brains with the regularity that they follow the weather, the price of gas, or how much money they have in their wallets? Yet, all that we experience, all that we know, and all that we do is a direct, inseparable product of our brains. For most of us, our brains serve as the conduit through which we experience life, but nothing more. We may have thoughtfully devised programs for exercising our bodies, and on any given day, we may know our weight within a couple of pounds, but we pay scant attention to the state of our brains, how we may be affecting them, how we may be affecting the brains of others, and how our own brains are being affected during the course of everyday life. In the following chapters, our primary objective is to summarize current brain science, but most importantly, highlight and explain the practical, everyday application of brain science. Today, there may be no field that produces a larger volume of scientific papers, books, and other publications than brain science, or neuroscience. However, with little exception, these publications are esoteric and beyond the reach of those without the requisite academic training (i.e., generally, an advanced degree in neuroscience or a similar field)"--</subfield><subfield code="c">Provided by publisher.</subfield></datafield><datafield ind1=" " ind2=" " tag="596"><subfield code="a">29</subfield></datafield><datafield ind1=" " ind2="0" tag="650"><subfield code="a">Cognitive neuroscience.</subfield></datafield><datafield ind1=" " ind2="0" tag="650"><subfield code="a">Human engineering.</subfield></datafield><datafield ind1="1" ind2=" " tag="700"><subfield code="a">Liao, Huafei,</subfield><subfield code="e">author.</subfield></datafield><datafield ind1="1" ind2=" " tag="700"><subfield code="a">Trumbo, Michael,</subfield><subfield code="e">author.</subfield></datafield><datafield ind1="1" ind2=" " tag="700"><subfield code="a">Cardona-Rivera, Rogelio E.,</subfield><subfield code="e">author.</subfield></datafield><datafield ind1=" " ind2="0" tag="830"><subfield code="a">Human factors and ergonomics.</subfield></datafield><datafield ind1="4" ind2="2" tag="856"><subfield code="3">Cover image</subfield><subfield code="u">http://images.tandf.co.uk/common/jackets/websmall/978146657/9781466570573.jpg</subfield></datafield><datafield ind1=" " ind2=" " tag="949"><subfield code="a">QP360.5 .F65 2015</subfield><subfield code="h">GMCT-OS-B</subfield><subfield code="i">1007435512</subfield><subfield code="p">148.96</subfield><subfield code="k">AVAIL_SOON</subfield></datafield><datafield ind1=" " ind2=" " tag="926"><subfield code="a">QP360.5 .F65 2015</subfield><subfield code="w">LC</subfield><subfield code="c">1</subfield><subfield code="i">1007435512</subfield><subfield code="d">2/1/2017</subfield><subfield code="l">ON_SHELF</subfield><subfield code="m">GR_MACEWAN</subfield><subfield code="p">$141.87</subfield><subfield code="q">1</subfield><subfield code="r">Y</subfield><subfield code="s">Y</subfield><subfield code="t">BOOK</subfield><subfield code="u">1/13/2015</subfield></datafield></record>